<record><leader>00000cas a22000007a 4500</leader><controlfield tag="001">15432261</controlfield><controlfield tag="008">870330d18841886nmudn ne      0    0eng d</controlfield><datafield ind1=" " ind2=" " tag="010"><subfield code="a">sn 87090060 </subfield></datafield><datafield ind1=" " ind2=" " tag="040"><subfield code="a">PPM</subfield><subfield code="b">eng</subfield><subfield code="c">PPM</subfield><subfield code="d">NJW</subfield><subfield code="d">NVM</subfield><subfield code="d">CNK</subfield><subfield code="d">NVM</subfield><subfield code="d">CNW</subfield><subfield code="d">OCLCQ</subfield><subfield code="d">OCLCF</subfield><subfield code="d">OCLCO</subfield><subfield code="d">IUL</subfield></datafield><datafield ind1=" " ind2=" " tag="042"><subfield code="a">msc</subfield></datafield><datafield ind1=" " ind2=" " tag="043"><subfield code="a">n-us-nm</subfield></datafield><datafield ind1="0" ind2="0" tag="245"><subfield code="a">Albuquerque evening Democrat.</subfield></datafield><datafield ind1="3" ind2="0" tag="246"><subfield code="a">Albuquerque Democrat</subfield><subfield code="f">Jan. 1-Jan. 6, 1886</subfield></datafield><datafield ind1="1" ind2="7" tag="246"><subfield code="a">Evening Democrat</subfield></datafield><datafield ind1="3" ind2="0" tag="246"><subfield code="a">Daily Democrat</subfield></datafield><datafield ind1=" " ind2=" " tag="260"><subfield code="a">Albuquerque, N.M. :</subfield><subfield code="b">J.G. Albright</subfield></datafield><datafield ind1=" " ind2=" " tag="300"><subfield code="a">v.</subfield></datafield><datafield ind1=" " ind2=" " tag="310"><subfield code="a">Daily (except Sunday)</subfield></datafield><datafield ind1="0" ind2=" " tag="362"><subfield code="a">3rd yr., no. 18 (Mar. 24, 1884)-5th year, no. 46 (Apr. 30, 1886).</subfield></datafield><datafield ind1=" " ind2=" " tag="580"><subfield code="a">Other eds.: Albuquerque Democrat (Albuquerque, N.M. : 1886), Jan. 1886-Apr. 4, 1886, and: Albuquerque morning Democrat (Albuquerque, N.M. : 1886), Apr. 6-30, 1886.</subfield></datafield><datafield ind1=" " ind2="0" tag="651"><subfield code="a">Albuquerque (N.M.)</subfield><subfield code="v">Newspapers.</subfield></datafield><datafield ind1=" " ind2="0" tag="651"><subfield code="a">Bernalillo County (N.M.)</subfield><subfield code="v">Newspapers.</subfield></datafield><datafield ind1=" " ind2="7" tag="651"><subfield code="a">New Mexico</subfield><subfield code="z">Albuquerque.</subfield><subfield code="2">fast</subfield><subfield code="0">(OCoLC)fst01205799</subfield></datafield><datafield ind1=" " ind2="7" tag="651"><subfield code="a">New Mexico</subfield><subfield code="z">Bernalillo County.</subfield><subfield code="2">fast</subfield><subfield code="0">(OCoLC)fst01218455</subfield></datafield><datafield ind1=" " ind2="7" tag="655"><subfield code="a">Newspapers.</subfield><subfield code="2">fast</subfield><subfield code="0">(OCoLC)fst01423814</subfield></datafield><datafield ind1=" " ind2=" " tag="752"><subfield code="a">United States</subfield><subfield code="b">New Mexico</subfield><subfield code="c">Bernalillo</subfield><subfield code="d">Albuquerque.</subfield></datafield><datafield ind1="0" ind2=" " tag="775"><subfield code="t">Albuquerque Democrat (Albuquerque, N.M. : 1886)</subfield><subfield code="w">(DLC)sn 92070579</subfield><subfield code="w">(OCoLC)27153272</subfield></datafield><datafield ind1="0" ind2=" " tag="775"><subfield code="t">Albuquerque morning Democrat (Albuquerque, N.M. : 1886)</subfield><subfield code="w">(DLC)sn 87091032</subfield><subfield code="w">(OCoLC)16868147</subfield></datafield><datafield ind1="0" ind2="0" tag="780"><subfield code="t">Albuquerque daily Democrat</subfield><subfield code="w">(DLC)sn 87090059</subfield><subfield code="w">(OCoLC)15432134</subfield></datafield><datafield ind1="1" ind2=" " tag="029"><subfield code="a">AU@</subfield><subfield code="b">000025820450</subfield></datafield></record>